@article{newmhd,
  title={A new general relativistic magnetohydrodynamics code for dynamical spacetimes},
  author={Cerd{\'a}-Dur{\'a}n, Pablo and Font, Jos{\'e} A and Ant{\'o}n, Luis and M{\"u}ller, Ewald},
  journal={Astronomy \& Astrophysics},
  volume={492},
  number={3},
  pages={937--953},
  year={2008},
  publisher={EDP Sciences}
}

@article{5waverel,
  title={A five-wave Harten--Lax--van Leer Riemann solver for relativistic magnetohydrodynamics},
  author={Mignone, Andrea and Ugliano, M and Bodo, G},
  journal={Monthly Notices of the Royal Astronomical Society},
  volume={393},
  number={4},
  pages={1141--1156},
  year={2009},
  publisher={Blackwell Publishing Ltd Oxford, UK}
}

