@article{newmhd,
  title={A new general relativistic magnetohydrodynamics code for dynamical spacetimes},
  author={Cerd{\'a}-Dur{\'a}n, Pablo and Font, Jos{\'e} A and Ant{\'o}n, Luis and M{\"u}ller, Ewald},
  journal={Astronomy \& Astrophysics},
  volume={492},
  number={3},
  pages={937--953},
  year={2008},
  publisher={EDP Sciences}
}

